@article{Anh:05,
    title={abc},
    year={2012}}